<record xmlns='http://www.loc.gov/MARC21/slim'><leader>01509cam a22003738i 4500</leader><controlfield tag='001'>9918573506421</controlfield><controlfield tag='005'>20200728155806.0</controlfield><controlfield tag='008'>800220s1979    wb       b    101 0 eng  </controlfield><datafield ind1=' ' ind2=' ' tag='010'><subfield code='a'>   79024859  </subfield></datafield><datafield ind1=' ' ind2=' ' tag='020'><subfield code='a'>038709721X</subfield></datafield><datafield ind1=' ' ind2=' ' tag='035'><subfield code='a'>(OCoLC)5726634</subfield></datafield><datafield ind1=' ' ind2=' ' tag='035'><subfield code='a'>(CStRLIN)NJPG14171686-B</subfield></datafield><datafield ind1=' ' ind2=' ' tag='035'><subfield code='9'>AAF6108TS</subfield></datafield><datafield ind1=' ' ind2=' ' tag='035'><subfield code='a'>1857</subfield></datafield><datafield ind1=' ' ind2=' ' tag='035'><subfield code='a'>(NjP)1857-princetondb</subfield></datafield><datafield ind1=' ' ind2=' ' tag='040'><subfield code='b'>eng</subfield><subfield code='d'>NjP</subfield><subfield code='d'>CStRLIN</subfield></datafield><datafield ind1='0' ind2=' ' tag='050'><subfield code='a'>QA3</subfield><subfield code='b'>.L28 no. 763</subfield><subfield code='a'>QA612;</subfield></datafield><datafield ind1='0' ind2=' ' tag='082'><subfield code='a'>510/.8 s</subfield><subfield code='a'>514/.2</subfield></datafield><datafield ind1='0' ind2='0' tag='245'><subfield code='a'>Algebraic topology, Aarhus 1978 :</subfield><subfield code='b'>proceedings of a symposium held at Aarhus, Denmark, August 7-12, 1978 : University of Aarhus, 50th anniversary, 11 September 1978 /</subfield><subfield code='c'>edited by J. L. Dupont and I. H. Madsen.</subfield></datafield><datafield ind1=' ' ind2=' ' tag='260'><subfield code='a'>Berlin ;</subfield><subfield code='a'>New York :</subfield><subfield code='b'>Springer-Verlag,</subfield><subfield code='c'>1979.</subfield></datafield><datafield ind1=' ' ind2=' ' tag='300'><subfield code='a'>vi, 695 p. :</subfield><subfield code='b'>ill. ;</subfield><subfield code='c'>24 cm.</subfield></datafield><datafield ind1='1' ind2=' ' tag='490'><subfield code='a'>Lecture notes in mathematics ;</subfield><subfield code='v'>763</subfield></datafield><datafield ind1=' ' ind2=' ' tag='500'><subfield code='a'>Includes index.</subfield></datafield><datafield ind1=' ' ind2=' ' tag='504'><subfield code='a'>Bibliography: p. 692-695.</subfield></datafield><datafield ind1=' ' ind2=' ' tag='530'><subfield code='a'>Also available in an electronic version.</subfield></datafield><datafield ind1=' ' ind2='0' tag='650'><subfield code='a'>Algebraic topology</subfield><subfield code='v'>Congresses.</subfield><subfield code='0'>http://id.loc.gov/authorities/subjects/sh2007100990</subfield></datafield><datafield ind1='1' ind2=' ' tag='700'><subfield code='a'>Dupont, Johan L.</subfield><subfield code='0'>http://id.loc.gov/authorities/names/nr95012144</subfield></datafield><datafield ind1='1' ind2=' ' tag='700'><subfield code='a'>Madsen, Ib.</subfield></datafield><datafield ind1='2' ind2=' ' tag='710'><subfield code='a'>Aarhus universitet.</subfield><subfield code='0'>http://id.loc.gov/authorities/names/n80126247</subfield></datafield><datafield ind1='4' ind2='1' tag='856'><subfield code='u'>http://dx.doi.org/10.1007/BFb0088073</subfield></datafield><datafield ind1='0' ind2='0' tag='852'><subfield code='0'>2099</subfield><subfield code='b'>sci</subfield><subfield code='t'>1</subfield><subfield code='h'>QA3</subfield><subfield code='i'>.L28 no.763</subfield></datafield><datafield ind1='8' ind2=' ' tag='852'><subfield code='0'>5764920</subfield><subfield code='b'>elf1</subfield><subfield code='h'>Electronic Resource</subfield></datafield><datafield ind1=' ' ind2=' ' tag='998'><subfield code='a'>06/29/93</subfield><subfield code='s'>9610</subfield><subfield code='n'>NjP</subfield><subfield code='w'>UTBG15158934B</subfield><subfield code='d'>05/08/81</subfield><subfield code='c'>OF</subfield><subfield code='b'>EM</subfield><subfield code='i'>930629</subfield><subfield code='l'>NJPG</subfield></datafield><datafield ind1=' ' ind2=' ' tag='911'><subfield code='a'>19930708</subfield></datafield><datafield ind1=' ' ind2=' ' tag='912'><subfield code='a'>19930629000000.0</subfield></datafield><datafield ind1=' ' ind2=' ' tag='INT'><subfield code='a'>P</subfield></datafield><datafield ind1=' ' ind2=' ' tag='INST'><subfield code='a'>01PRI_INST</subfield></datafield><datafield ind1=' ' ind2=' ' tag='AVA'><subfield code='0'>9918573506421</subfield><subfield code='8'>2234865440006421</subfield><subfield code='a'>01PRI_INST</subfield><subfield code='b'>lewis</subfield><subfield code='c'>Stacks</subfield><subfield code='d'>QA3 .L28 no.763</subfield><subfield code='e'>available</subfield><subfield code='f'>1</subfield><subfield code='g'>0</subfield><subfield code='j'>stacks</subfield><subfield code='k'>0</subfield><subfield code='p'>1</subfield><subfield code='q'>Lewis Library</subfield></datafield><datafield ind1=' ' ind2=' ' tag='AVE'><subfield code='8'>53327989150006421</subfield><subfield code='e'>Available</subfield><subfield code='l'>online</subfield><subfield code='u'>publishing_base_url undefined?u.ignore_date_coverage=true&amp;rft.mms_id=9918573506421</subfield></datafield></record>